<?xml version="1.0" encoding="UTF-8"?><collection xmlns="http://www.loc.gov/MARC21/slim"><record><leader>00420nam--2200157-i-4500</leader><controlfield tag="001">000005084</controlfield><controlfield tag="002">20161230</controlfield><controlfield tag="005">20170204203040</controlfield><controlfield tag="008">060222s1000------------r-----000-0-eng-d</controlfield><datafield ind1=" " ind2=" " tag="100"><subfield code="a">Barkas, Walter H</subfield></datafield><datafield ind1=" " ind2=" " tag="245"><subfield code="a">Developpment a basse temperature</subfield></datafield><datafield ind1=" " ind2=" " tag="260"><subfield code="a">Bruxelles</subfield><subfield code="b">Centre D`Etudes De L`Energie Nucle Aire</subfield><subfield code="c">1960</subfield></datafield><datafield ind1=" " ind2=" " tag="300"><subfield code="a">8 p. + 2 Fig</subfield></datafield><datafield ind1=" " ind2=" " tag="700"><subfield code="a">Founaux, J</subfield></datafield><datafield ind1=" " ind2=" " tag="852"><subfield code="a">15380</subfield></datafield><datafield ind1=" " ind2=" " tag="CAT"><subfield code="a">SYS</subfield><subfield code="c">20170204</subfield><subfield code="h">203040</subfield></datafield></record></collection>